@phdthesis{phdthesis-en,
   title = {{Counting Multiplicities in a Hypersurface over Number Fields}},
  author = {Hao Wen},
    year = {2017},
  school = {{Tsinghua University}}
}

@phdthesis{phdthesis-zh,
   title = {定义在数域上的超曲面的重数计数问题},
  author = {文豪},
    year = {2017},
  school = {清华大学}
}

@article{wen_liu,
      title = {{Counting Multiplicities in a Hypersurface over Number Fields}},
     author = {Hao Wen and Chunhui Liu},
    journal = {{Algebra Colloquium}},
        doi = {10.1142/s1005386718000305},
       year = {2018},
      month = {8},
  publisher = {{World Scientific Pub. Co. Pte. Lt.}},
     volume = {25},
     number = {03},
      pages = {437--458}
}

@article{af_detection,
       title = {{A Scalable Hybrid Model for Atrial Fibrillation Detection}},
      author = {Hao Wen and Wenjian Yu and Yuanqing Wu and Shuai Yang and Xiaolong Liu},
     journal = {{Journal of Mechanics in Medicine and Biology}},
         doi = {10.1142/s0219519421400212},
        year = {2021},
       month = {4},
   publisher = {{World Scientific Pub. Co. Pte. Lt.}},
      volume = {21},
      number = {05},
       pages = {2140021}
}

@article{acne_detection,
      title = {{Acne Detection and Severity Evaluation with Interpretable Convolutional Neural Network Models}},
     author = {Hao Wen and Wenjian Yu and Yuanqing Wu and Jun Zhao and Xiaolong Liu and Zhexiang Kuang and Rong Fan},
    journal = {Technology and Health Care},
        doi = {10.3233/thc-228014},
       year = {2022},
      month = {2},
  publisher = {{IOS Press}},
     volume = {30},
      pages = {143--153}
}

@article{qi2021kemre,
      title = {{KeMRE: Knowledge-Enhanced Medical Relation Extraction for Chinese Medicine Instructions}},
     author = {Tao Qi and Shan Qiu and Xiaoqian Shen and Haopu Chen and Shuai Yang and Hao Wen and Ya Zhang and Yuanqing Wu and Yongfeng Huang},
    journal = {{Journal of Biomedical Informatics}},
        doi = {10.1016/j.jbi.2021.103834},
       year = {2021},
      month = {8},
  publisher = {{Elsevier BV}},
     volume = {120},
      pages = {103834}
}

@inproceedings{wen_cinc2021,
      title = {{Hybrid Arrhythmia Detection on Varying-Dimensional Electrocardiography: Combining Deep Neural Networks and Clinical Rules}},
     author = {Hao Wen and Jingsu Kang},
  booktitle = {{2021 Computing in Cardiology (CinC)}},
        doi = {10.23919/cinc53138.2021.9662801},
       year = {2021},
      month = {9},
  publisher = {{IEEE}},
}

@article{torch_ecg_paper,
      title = {{A Novel Deep Learning Package for Electrocardiography Research}},
     author = {Hao Wen and Jingsu Kang},
    journal = {{Physiological Measurement}},
        doi = {10.1088/1361-6579/ac9451},
       year = {2022},
      month = {9},
  publisher = {{IOP Publishing}}
}

@article{Kang_2022_cinc2021_iop,
      title = {{A Study on Several Critical Problems on Arrhythmia Detection using Varying-Dimensional Electrocardiography}},
     author = {Jingsu Kang and Hao Wen},
    journal = {{Physiological Measurement}},
        doi = {10.1088/1361-6579/ac6aa3},
       year = {2022},
      month = {6},
  publisher = {{IOP Publishing}},
     volume = {43},
     number = {6},
      pages = {064007}
}

@misc{bib_lookup,
      title = {{bib\_lookup: A Useful Tool for Looking Up Bib Entries}},
     author = {Hao Wen},
        doi = {10.5281/ZENODO.6435017},
        url = {https://zenodo.org/record/6435017},
  publisher = {Zenodo},
       year = {2022},
       note = {Accessed: 2022-07-01},
  copyright = {{MIT License}}
}

@article{Wen_cpsc2021,
      title = {{A Comparative Study on Neural Networks for Paroxysmal Atrial Fibrillation Events Detection from Electrocardiography}},
     author = {Hao Wen and Jingsu Kang},
    journal = {{Journal of Electrocardiology}},
        doi = {10.1016/j.jelectrocard.2022.10.002},
       year = {2022},
      month = {11},
  publisher = {{Elsevier BV}},
     volume = {75},
      pages = {19--27}
}
